<?xml version="1.0" encoding="UTF-8"?><record xmlns="http://www.loc.gov/MARC21/slim" xmlns:cinclude="http://apache.org/cocoon/include/1.0" xmlns:zs="http://www.loc.gov/zing/srw/">
  <leader>00700cz  a2200181n  4500</leader>
  <controlfield tag="001">no 96019839 </controlfield>
  <controlfield tag="003">DLC</controlfield>
  <controlfield tag="005">20120807085213.0</controlfield>
  <controlfield tag="008">960417n| acannaabn          |a aaa     c</controlfield>
  <datafield tag="010" ind1=" " ind2=" ">
    <subfield code="a">no 96019839 </subfield>
  </datafield>
  <datafield tag="035" ind1=" " ind2=" ">
    <subfield code="a">(OCoLC)oca04059133</subfield>
  </datafield>
  <datafield tag="040" ind1=" " ind2=" ">
    <subfield code="a">FU</subfield>
    <subfield code="b">eng</subfield>
    <subfield code="c">FU</subfield>
    <subfield code="d">CLU</subfield>
    <subfield code="d">NmU</subfield>
    <subfield code="d">OCoLC</subfield>
    <subfield code="d">DLC</subfield>
  </datafield>
  <datafield tag="046" ind1=" " ind2=" ">
    <subfield code="f">1887</subfield>
    <subfield code="g">1966</subfield>
  </datafield>
  <datafield tag="053" ind1=" " ind2="0">
    <subfield code="a">PQ7797.L29</subfield>
  </datafield>
  <datafield tag="100" ind1="1" ind2=" ">
    <subfield code="a">Lascano Tegui, Emilio,</subfield>
    <subfield code="c">Vizconde de,</subfield>
    <subfield code="d">1887-1966</subfield>
  </datafield>
  <datafield tag="400" ind1="1" ind2=" ">
    <subfield code="a">Tegui, Emilio Lascano,</subfield>
    <subfield code="c">Vizconde de,</subfield>
    <subfield code="d">1887-1966</subfield>
  </datafield>
  <datafield tag="667" ind1=" " ind2=" ">
    <subfield code="a">THIS 1XX FIELD CANNOT BE USED UNDER RDA UNTIL THIS RECORD HAS BEEN REVIEWED AND/OR UPDATED</subfield>
  </datafield>
  <datafield tag="670" ind1=" " ind2=" ">
    <subfield code="a">His De la elegancia mientras de duerme, 1995:</subfield>
    <subfield code="b">t.p. (Vizconde de Lascano Tegui) inside front flap (Emilio Lascano Tegui, 1887-1966)</subfield>
  </datafield>
</record>